@misc{cryptoeprint:2018:1051,
    author = {Giuseppe Persiano and Kevin Yeo},
    title = {Lower Bounds for Differentially Private {RAM}s},
    howpublished = {Cryptology ePrint Archive, Report 2018/1051},
    year = {2018},
    note = {{https://eprint.iacr.org/2018/1051}},
}
@misc{cryptoeprint:2017:964,
    author = {Sarvar Patel and Giuseppe Persiano and Kevin Yeo},
    title = {Recursive ORAMs with Practical Constructions},
    howpublished = {Cryptology ePrint Archive, Report 2017/964},
    year = {2017},
}

@inproceedings{BN:16,
 author = {Boyle, Elette and Naor, Moni},
 title = {{Is There an Oblivious RAM Lower Bound?}},
 booktitle = {ITCS},
 year = {2016},
 pages = {357--368},
} 

@inproceedings{ZigZag,
	author = {Goodrich, Michael T.},
	title = {{{Z}ig-{Z}ag {S}ort: A Simple Deterministic Data-oblivious Sorting Algorithm Running in $O(N\log N)$ Time}},
	booktitle = {STOC},
	year = {2014},
	pages = {684--693},
}

@inproceedings{Goo10,
author={Goodrich, Michael T.},
title={Randomized {S}hellsort: A Simple Oblivious Sorting Algorithm},
booktitle={SODA},
year={2010},
pages={1262--1277},
}

@inproceedings{Ohrimenko:14,
author="Ohrimenko, Olga
and Goodrich, Michael T.
and Tamassia, Roberto
and Upfal, Eli",
title={{The {M}elbourne Shuffle: Improving Oblivious Storage in the Cloud}},
bookTitle="ICALP",
year="2014",
pages="556--567",
}



@inproceedings{O:90,
author = {Ostrovsky, Rafail},
title = {Efficient Computation on Oblivious {RAM}s},
booktitle = {STOC},
year = {1990},
pages = {514--523},
}

@inproceedings{pathORAM,
author={Stefanov, Emil and van Dijk, Marten and Shi, Elaine and Fletcher, Christopher and Ren, Ling and Yu, Xiangyao and Devadas, Srinivas},
title={{Path ORAM: An Extremely Simple Oblivious RAM Protocol}},
booktitle={CCS '13},
year = {2013},
pages = {299--310},
}

@inproceedings{constants,
author = {Ling Ren and Christopher Fletcher and Albert Kwon and Emil Stefanov and Elaine Shi and Marten van Dijk and Srinivas Devadas},
title = {Constants Count: Practical Improvements to Oblivious RAM},
booktitle = {USENIX Security 15},
year = {2015},
pages = {415--430},
}

@inproceedings{G:87,
author={Goldreich, Oded},
title={{Towards a Theory of Software Protection and Simulation by Oblivious RAMs}},
booktitle = {STOC},
year = {1987},
}

@article{GO:96,
author = {Goldreich, Oded and Ostrovsky, Rafail},
title = {{Software Protection and Simulation on Oblivious RAMs}},
journal = {J. ACM},
volume = {43},
number = {3},
year = {1996},
}

@inproceedings{partition,
author={Emil Stefanov and Elaine Shi and Dawn Xiaodong Song},
title={Towards Practical Oblivious {RAM}},
booktitle = {{NDSS} 2012},
year      = {2012},
}


@inproceedings{SDS13,
author={Stefanov, Emil and van Dijk, Marten and Shi, Elaine and Fletcher, Christopher and Ren, Ling and Yu, Xiangyao and Devadas, Srinivas},
title={Path ORAM: An Extremely Simple Oblivious RAM Protocol},
booktitle={CCS '13},
year = {2013},
pages = {299--310},
}

@inproceedings{RFK15,
author = {Ling Ren and Christopher Fletcher and Albert Kwon and Emil Stefanov and Elaine Shi and Marten van Dijk and Srinivas Devadas},
title = {Constants Count: Practical Improvements to Oblivious {RAM}},
booktitle = {USENIX Security},
year = {2015},
pages = {415--430},
}

@inproceedings{MMB15,
  title={{Constant communication ORAM with small blocksize}},
  author={Moataz, Tarik and Mayberry, Travis and Blass, Erik-Oliver},
  booktitle={CCS},
  pages={862--873},
  year={2015},
}

@inproceedings{DDF16,
  title={{Onion ORAM: A constant bandwidth blowup oblivious RAM}},
  author={Devadas, Srinivas and van Dijk, Marten and Fletcher, Christopher W. and Ren, Ling and Shi, Elaine and Wichs, Daniel},
  booktitle={TCC},
  pages={145--174},
  year={2015},
}


@misc{AKL18,
    author = {Gilad Asharov and Ilan Komargodski and Wei-Kai Lin and Kartik Nayak and Enoch Peserico and Elaine Shi},
    title = {Opt{ORAM}a: Optimal Oblivious {RAM}},
    howpublished = {Cryptology ePrint Archive, Report 2018/892},
}



@inproceedings{OGT14,
  title={The Melbourne shuffle: Improving oblivious storage in the cloud},
  author={Ohrimenko, Olga and Goodrich, Michael T and Tamassia, Roberto and Upfal, Eli},
  booktitle={ICALP '14},
  pages={556--567},
  year={2014},
  organization={Springer}
}


@misc{LN18,
    author = {Kasper Green Larsen and Jesper Buus Nielsen},
    title = {Yes, There is an Oblivious {RAM} Lower Bound!},
    howpublished = {Cryptology ePrint Archive, Report 2018/423},
    year = {2018},
    note = {https://eprint.iacr.org/2018/423},
}

@misc{full-version,
    author = {Sarvar Patel and Giuseppe Persiano and Mariana Raykova and Kevin Yeo},
    title = {Pan{ORAM}a: Oblivious {RAM} with Logarithmic Overhead},
    howpublished = {Cryptology ePrint Archive, Report 2018/373},
    year = {2018},
    note = {https://eprint.iacr.org/2018/373},
}

@InProceedings{CacheShuffle,
  author =	{Sarvar Patel and Giuseppe Persiano and Kevin Yeo},
  title =	{{CacheShuffle: A Family of Oblivious Shuffles}},
  booktitle =	{ICALP},
  pages =	{161:1--161:13},
  year =	{2018},
}

@misc{WW18,
    author = {Mor Weiss and Daniel Wichs},
    title = {Is there an {O}blivious {RAM} Lower Bound for Online Reads?},
    howpublished = {Cryptology ePrint Archive, Report 2018/619},
    year = {2018},
}

